@article{ChernozhukovHong_2003,
title = "An MCMC approach to classical estimation ",
journal = "Journal of Econometrics ",
volume = "115",
number = "2",
pages = "293 - 346",
year = "2003",
author = {Victor Chernozhukov and Han Hong}
}


@article{Gallant2016a,
author = {Gallant, A. Ronald},
title = {Reflections on the Probability Space Induced by Moment Conditions with Implications for Bayesian Inference},
journal = {Journal of Financial Econometrics},
volume = {14},
number = {2},
pages = {229},
year = {2016}
}

@article{Gallant2016b,
author = {Gallant, A. Ronald},
title = {Reflections on the Probability Space Induced by Moment Conditions with Implications for Bayesian Inference â€” Author Response to Comments},
journal = {Journal of Financial Econometrics},
volume = {14},
number = {2},
pages = {284},
year = {2016}
}

@article{GallantHong2007,
author = {Gallant, A. Ronald and Hong, Han},
title = {A Statistical Inquiry into the Plausibility of Recursive Utility},
journal = {Journal of Financial Econometrics},
volume = {5},
number = {4},
pages = {523},
year = {2007}
}


@article{GGR_2017,
title = "Bayesian Estimation of State Space Models Using Moment Conditions",
journal = "Journal of Econometrics ",
volume = "forthcoming",
year = "2017",
author = {Gallant, A. Ronald and Raffaella Giacomini and Giuseppe Ragusa }
}

@article {ADH_2010,
author = {Andrieu, Christophe and Doucet, Arnaud and Holenstein, Roman},
title = {Particle Markov chain Monte Carlo methods},
journal = {Journal of the Royal Statistical Society: Series B (Statistical Methodology)},
volume = {72},
number = {3},
publisher = {Blackwell Publishing Ltd},
pages = {269--342},
year = {2010}
}
